@book{lin04,
        author="{L}in, {S}hu and {C}ostello {J}r., {D}aniel {J}.",
        title="{E}rror {C}ontrol {C}oding",
        year="2004",
        publisher="{P}earson {P}rentice {H}all",
        edition="Second"
}

@article{peng06,
        author="{P}eng, {X}iao-{H}ong and {F}arrell, {P}addy {G}.",
        title="{O}n {C}onstruction of the (24,12,8) {G}olay {C}odes",
        year="2006",
        journal="{I}{E}{E}{E} {T}ransations on {I}nformation {T}heory",
        volume="52",
        number="8",
        pages="3669-3675"
}

@book{ant00,

	author 		= "Howard Anton",
	title 		= "Elementary Linear Algebra",
	publisher 	= "Wiley",
	edition		= "Eighth",
	year 		= "2000"

}
@book{bla04,

	author		= "Richard E. Blahut",
	title		= "Algebraic Codes for Data Transmission",
	publisher	= "Cambridge University Press",
	year		= "2003"
	
}
@book{fra03,

	author		= "John B. Fraleigh",
	title		= "A First Course in Abstract Algebra",
	publisher	= "Addison Wesley",
	edition		= "Seventh",
	year		= "2003"
	
}
@book{han98a,

	author		= "W. C. Huffman and Vera Pless",
	title 		= "Handbook of Coding Theory",
	publisher 	= "Elsevier Science",
	year 		= "1998",
	volume		= 1
	
}
@book{han98b,

	author		= "W. C. Huffman and Vera Pless",
	title 		= "Handbook of Coding Theory",
	publisher 	= "Elsevier Science",
	year 		= "1998",
	volume		= 2
	
}
@book{hor07,

	author		= "Kathy J. Horadam",
	title 		= "Hadamard Matrices and their Applications",
	publisher 	= "Princeton University Press",
	year 		= "2006"
	
}
@book{huf03,

	author		= "William Cary Huffman and Vera Pless",
	title 		= "Fundamentals of Error-Correcting Codes",
	publisher 	= "Cambridge University Press",
	year 		= "2003"
	
}
@book{mac77,

	author		= "Florence Jessie MacWilliams and Neil J. Sloane",
	title		= "The Theory of Error-Correcting Codes",
	publisher	= "North-Holland",
	year		= "1977"
	
}
@book{mac99,

	author		= "Saunders Mac Lane and Garrett Birkhoff",
	title 		= "Algebra",
	edition		= "Third",
	publisher 	= "AMS Chelsea",
	year 		= "1999"
	
}
@book{mil02,

	author		= "C\'esar Polinco Milies and Sudarshan K. Sehgal",
	title 		= "An Introduction to Group Rings",
	publisher 	= "Kluwer",
	year 		= "2002"
	
}
@book{ver96,

	author		= "Lekh R. Vermani",
	title 		= "Elements of Algebraic Coding Theory",
	publisher 	= "Chapman & Hall ",
	year 		= "1996"
	
}

@article{gol49,

	author		= "Marcel J. E. Golay",
	title		= "{N}otes on {D}igital {C}oding",
	journal		= "Proceedings of the IRE",
	year		= "1949",
	volume		= "37",
	pages		= "657-657"
	
}
@article{gul98,

	author		= "T. Aaron Gulliver and Masaaki Harada",
	title		= "{D}ouble {C}irculant {S}elf-{D}ual {C}odes over $\mathbb{Z}_{2k}$",
	journal		= "IEEE Trans. Inf. Theory",
	volume		= "44",
	issue		= "7",
	year		= "1998",
	month		= nov,
	pages		= "3105-3123"

}
@article{hou02,

	author 		 = "Sheridan K. Houghten and C. W. H. Lam and L. H. Thiel and J. A. Parker",
	title  		 = "{T}he {E}xtended {Q}uadratic {R}esidue {C}ode is the only (48,24,12) {S}elf-{D}ual {D}oubly-{E}ven {C}ode",
	journal 	 = "IEEE Trans. Inf. Theory",
	volume 	 	 = "49",
	issue 		 = "1",
	year 		 = "2003",
	month 		 = jan,
	pages 		 = "53-59"

}
@article{huf05,

	author		= "William Cary Huffman",
	title		= "{O}n the classification and enumeration of self-dual codes",
	journal		= "Finite Fields Appl.",
	volume		= "11",
	issue 		= "3",
	year		= "2005",
	month		= aug, 
	pages		= "451-490"
	
}
@article{hug00,

	author 		 = "Garry Hughes",
	title  		 = "{C}onstacyclic {C}odes, {C}ocycles and a $u+v|u-v$ {C}onstruction",
	journal 	 = "IEEE Trans. Inf. Theory",
	volume 	 	 = "46",
	issue 		 = "2",
	year 		 = "2000",
	month 		 = mar,
	pages 		 = "674-680"

}
@article{hur06,

	author		 = "Ted Hurley",
	title		 = "Group Rings and Rings of Matrices",
	journal		 = "Int. J. of Pure and Applied Mathematics",
	volume	 	 = "31",
	issue		 = "3",
	pages		 = "319-335",
	year		 = "2006"

}
@article{hur09,

	author		 = "Paul Hurley and Ted Hurley",
	title		 = "{C}odes from zero divisors and units in group rings",
	journal		 = "Int. J. Information and Coding Theory",
	volume	 	 = "1",
	issue		 = "1",
	pages		 = "57-87",
	year		 = "2009"

}
@article{jen80,

	author 		 = "Richard Jenson",
	title  		 = "{A} {D}ouble {C}irculant {P}resentation for {Q}uadratic {R}esidue {C}odes",
	journal 	 = "IEEE Trans. Inf. Theory",
	volume 	 	 = "26",
	issue 		 = "2",
	year 		 = "1980",
	month 		 = mar,
	pages 		 = "223-227"

}
@article{kan99,

	author		= "Melissa Kanemasu",
	title		= "{G}olay {C}odes",
	journal		= "MIT Und. J. Math.",
	year		= "1999",
	volume		= "1"
}
@article{kim08,

	author 		 = "Jon-Lark Kim",
	title  		 = "{A} {P}rize {P}roblem in {C}oding {T}heory",
	journal 	 = "Gr{\"o}bner Bases, Coding, and Cryptography",
	volume 	 	 = "2",
	issue 		 = "5: Gr√∂bner Bases Techniques in Cryptography and Coding Theory",
	year 		 = "2008",
	month 		 = jul

}
@article{lan90,

	author 		 = "F. Bernhardt and P. Landrock and O. Manz",
	title  		 = "{T}he extended {G}olay codes considered as ideals",
	journal 	 = "J. Comb. Theory",
	issue 		 = "2",
	volume		 = "55",
	year 		 = "1990",
	pages 		 = "235-246",
	month		 = sep

}
@article{mcl08,

	author 		 = "Ian McLoughlin and Ted Hurley",
	title  		 = "{A} {G}roup {R}ing {C}onstruction of the {E}xtended {B}inary {G}olay {C}ode",
	journal 	 = "IEEE Trans. Inf. Theory",
	volume 	 	 = "54",
	issue 		 = "9",
	year 		 = "2008",
	month 		 = sep,
	pages 		 = "4381-4383"

}
@article{mus08,

	author 		 = "Mona Musa",
	title  		 = "{O}n {S}ome {D}ouble {C}irculant {B}inary {E}xtended {Q}uadratic {R}esidue {C}odes",
	journal 	 = "IEEE Trans. Inf. Theory",
	volume 	 	 = "54",
	issue 		 = "2",
	year 		 = "2008",
	month 		 = feb,
	pages 		 = "898-905"

}
@article{pen06,

	author		= "Xiao-Hong Peng and Paddy Farrell",
	title		= "{O}n {C}onstruction of the (24,12,8) {G}olay {C}odes",
	year		= "2006",
	journal		= "IEEE Trans. Inf. Theory",
	issue		= "52(8)",
	pages		= "3669-3675"

}
@article{slo73,

	author 		 = "N.J.A. Sloane",
	title  		 = "{I}s {T}here a (72,36) d = 16 {S}elf-{D}ual {C}ode?",
	journal 	 = "IEEE Trans. Inf. Theory",
	volume 	 	 = "19",
	issue 		 = "2",
	year 		 = "1973",
	month 		 = mar,
	pages 		 = "251-251"

}
@article{slo83,

	author 		 = "N.J.A. Sloane and J. G. Thompson",
	title  		 = "{C}yclic {S}elf-{D}ual {C}odes",
	journal 	 = "IEEE Trans. Inf. Theory",
	volume 	 	 = "29",
	issue 		 = "3",
	year 		 = "1983",
	month 		 = may,
	pages 		 = "364-366"

}

@conference{hur07,

	author 		= "Paul {H}urley and Ted {H}urley",
	title		= "{M}odule {C}odes in {G}roup {R}ings",
	booktitle 	= "IEEE Symp. Inf. Theory 2007",
	year 		= "2007",
	month 		= jun,
	pages		= "1981-1985"
	
}

@phdthesis{sno73,

	author		= "Stephen L. Snover",
	title		= "{T}he {U}niqueness of the {N}ordstrom-{R}obinson and the {G}olay binary codes",
	school		= "Mich. State Univ.",
	year		= "1973"
	
}

@mastersthesis{wel07,

	author		= "Elizabeth Weldekidan",
	title		= "Golay Codes: Construction and Properties",
	year		= "2007",
	school		= "Upps. Univ., Sweden",
	month		=  jan

}
@manual{gap06,
    key          = "GAP",
    organization = "The GAP~Group",
    title        = "{GAP -- Groups, Algorithms, and Programming,
                    Version 4.4.10}",
    year         = 2008,
    url          = "http://www.gap-system.org"
}
@misc{gra07,

	author		= "Grassl, Markus",
	title		= "{Bounds on the minimum distance of linear codes}",
	note		= "\url{http://www.codetables.de}",
	year		= "2007"

}

@unpublished{cha97,

	author		= "Robert Chapman",
	title		= "Construction of the {G}olay Codes: A Survey",
	year		= "1997",
	note		= "\url{http://www.secamlocal.ex.ac.uk/people/staff/rjchapma/rjc.html}"

}
